@Article{ref:cms,
     author    = "R. Adolphi et al.",
 collaboration = "CMS",
     title     = "The CMS experiment at the CERN LHC",
     journal   = "JINST",
     volume    = "0803",
     year      = "2008",
     pages     = "S08004",
     doi       = "10.1088/1748-0221/3/08/S08004",
 SLACcitation  = "JINST,0803,S08004"}
@Article{ref:hardware_alignment,
     author    = "CFT-09-017",
 collaboration = "CMS",
     title     = "Aligning the CMS Muon Chambers with the Hardware Alignment System during the CRAFT08 Exercise",
     journal   = "J. Inst.",
     year      = "2009"}
@Article{ref:workflow,
     author    = "CFT-09-007",
 collaboration = "CMS",
     title     = "CRAFT Workflows Paper: from Detector to Analysis",
     journal   = "J. Inst.",
     year      = "2009"}
@misc{ref:twikiCMSConventions,
     author    = {M. Gr\"unewald},
 collaboration = "CMS",
     title     = "CMS Conventions",
  howpublished = "\url{https://twiki.cern.ch/twiki/bin/view/CMS/CMSConventions}"}
@Article{ref:tracker_alignment,
     author    = "CFT-09-003",
 collaboration = "CMS",
     title     = "Alignment of the CMS inner tracking system with cosmic ray particles",
     journal   = "J. Inst.",
     year      = "2009"}
@Article{ref:Millepede,
     author    = "Blobel, V.",
     title     = "{Software alignment for tracking detectors}",
     journal   = "Nucl. Instrum. Meth.",
     volume    = "A566",
     year      = "2006",
     pages     = "5-13",
     doi       = "10.1016/j.nima.2006.05.157",
     SLACcitation  = "NUIMA,A566,5"
}
@misc{ref:QC,
     author    = "S. Maselli et al.",
 collaboration = "CMS",
     title     = "Drift Tubes Quality Assurance and Quality Control",
  howpublished = "\url{http://cms.pd.infn.it/edr2/qcdoc.pdf}"}
@misc{ref:Survey,
     author    = "G. Benzce et al.",
 collaboration = "CMS",
     title     = "DT Chamber Calibration web database",
  howpublished = "\url{http://kismalac.phys.klte.hu/cgi-bin/Survey/indexpage.pl}"}
@article{ref:Calibrations,
     author    = "G. Abbiendi et al.",
 collaboration = "CMS",
     title     = "Offline calibration procedure of the CMS Drift Tube detectors",
     journal   = "J. Inst.",
     volume    = "4",
     number    = "05",
     pages     = "P05002",
     url       = "http://stacks.iop.org/1748-0221/4/P05002",
     doi       = "10.1088/1748-0221/4/05/P05002",
     year      = "2009"}
@Article{ref:minuit,
     author    = "James, F. and Roos, M.",
     title     = "Minuit: A System for Function Minimization and Analysis of the Parameter Errors and Correlations",
     journal   = "Comput. Phys. Commun.",
     volume    = "10",
     year      = "1975",
     pages     = "343-367",
     doi       = "10.1016/0010-4655(75)90039-9",
     SLACcitation  = "CPHCB,10,343"}
@Article{ref:oldhip,
     author    = "Karimaki, V. and Heikkinen, A. and Lampen, T. and Linden, T.",
     title     = "Sensor alignment by tracks",
     year      = "2003",
     eprint    = "physics/0306034",
     archivePrefix = "arXiv",
     SLACcitation  = "PHYSICS/0306034"}
@Article{ref:dtlocalreco,
     author    = "CFT-09-012",
 collaboration = "CMS",
     title     = "Results on Local Muon Reconstruction in DT chambers from analysis of CRAFT data",
     journal   = "J. Inst.",
     year      = "2009"}
